@misc{ref1,
    howpublished = {\url{https://www.sketchbubble.com/}
    {\textbf{(consulté le 22/03/2024)}}
} }

@misc{ref2,
    title = {Équipe Scrum},
    year = {},
    howpublished = {\url{https://www.ideematic.com/actualites/2015/01/methodes-agiles-definition/}},
    note = {\textbf{(consulté le 23/03/2024)}},
}

@misc{ref3,
    title = {Réunion},
    year = {},
    howpublished = {\url{https://www.4tempsdumanagement.com/2-56-Le-Scrum-une-methode-pour-optimiser-l-action-collective_a7698.html}},
    note = {\textbf{(consulté le 22/03/2024)}},
}

@misc{ref4,
    title = {Modélisation},
    year = {},
    howpublished = {Livre : UML2\_ModeliserAppliWeb},
    note = {\textbf{(consulté le 22/03/2024)}},
}

@misc{ref5,
    title = {Comparaison monolithique et client-serveur},
    year = {},
    howpublished = {\url{https://www.processmaker.com/}},
    note = {\textbf{(consulté le 23/03/2024)}},
}

@misc{ref6,
    title = {AgilePrincipe},
    year = {},
    howpublished = {\url{https://scrum-league.org/tribune/la-culture-agile/les-12-principes-generaux-du-manifeste-agile/}},
    note = {\textbf{(consulté le 22/03/2024)}},
}
